@BOOK{geometric_algebra_physicists,
AUTHOR="Chris Doran",
TITLE="Geometric Algebra for Physicists",
PUBLISHER="Cambridge University Press",
YEAR="2003",
}