@article{adams2015evasion,
	Author = {Adams, Henry and Carlsson, Gunnar},
	Journal = {The International Journal of Robotics Research},
	Number = {1},
	Pages = {90--104},
	Title = {Evasion paths in mobile sensor networks},
	Volume = {34},
	Year = {2015}}
	
@book{berger2009geometry,
  title={Geometry {I}},
  author={Berger, Marcel},
  year={2009},
  publisher={Springer Science \& Business Media}
}